

@misc
{ref,
title={Exemple de calcul avec l'ondelette de Haar},
month={march},
year={2015},
note={http://www.epm6604b.be/ondelette_haar.html}
}