@article{comp,
title={Compression, ondelettes et algorithmes aff\'{e}rents},
author={Szacherski, Pascal},
month={Janvier},
year={2008}
}#

@PhdThesis{ond,
 author = {K.Poon, Phillip},
 title = {Wavelets},
 school = {College of Optical Sciences, University of Arizona},
 year = {2012},
}

@misc{matlab,
title={Code matlab},
author={Carr\'{e}, Philippe AND Cornillet, R\'{e}mi},
note={Philippe Carr\'{e} professeur de l'universit\'{e} de Poitiers et responsable de l'\'{e}quipe Icones, 
  et R\'{e}mi Cornillet \'{e}tudiant \`{a} l'ENS de Rennes.}
}#

@misc{bmp,
title={Code pour la gestion des images bmp},
author={Lorenzi, Marc},
note={Professeur de math\'{e}matiques au Lyc\'{e}e Camille Gu\'{e}rin de Poitiers}
}#

@article{twt,
title={La Transformation en ondelettes},
author={Alt, Ren\'{e}},
note={Professeur \`{a} l'universit\'{e} Pierre et Marie Curie}
}#

@PhdThesis{ond,
 author = {Rioul, Olivier},
 title = {Ondelettes r\'{e}guli\`{e}res: application \'{a} la compression d'images fixes},
 school = {T\'{e}l\'{e}com ParisTech},
 year = {1993},
}


